@string{springer = "Springer-Verlag, Berlin"}

@book{BurrisS81,
 Author = "S. Burris and H. P. Sankappanavar",
 Title = "A Course in Universal Algebra",
 Publisher = springer,
 Year = 1981
}
